% This file was created with JabRef 2.10.
% Encoding: Cp1252


@InProceedings{Agassounon2002,
  Title                    = {A macroscopic model of an aggregation experiment using embodied agents in groups of time-varying sizes},
  Author                   = {Agassounon, William and Martinoli, Alcherio},
  Booktitle                = {Proc. of the IEEE Conf. on System, Man and Cybernetics (SMC), Hammamet, Tunisia},
  Year                     = {2002},
  Pages                    = {250--255}
}

@InProceedings{Agassounon2001,
  Title                    = {A Scalable, Distributed Algorithm for Allocating Workers in Embedded Systems},
  Author                   = {Agassounon, William and Martinoli, Alcherio and Goodman, Rodney},
  Booktitle                = {Proceedings of the 2001 IEEE Systems, Man and Cybernetics Conference},
  Year                     = {2001},
  Pages                    = {3367-3373},
  Publisher                = {New York:IEEE Press}
}

@Article{amstutz2008distributed,
  Title                    = {Distributed boundary coverage with a team of networked miniature robots using a robust market-based algorithm},
  Author                   = {Amstutz, Patrick and Correll, Nikolaus and Martinoli, Alcherio},
  Journal                  = {Annals of Mathematics and Artificial Intelligence},
  Year                     = {2008},
  Number                   = {2-4},
  Pages                    = {307--333},
  Volume                   = {52},

  Publisher                = {Springer}
}

@InCollection{beni2005swarm,
  Title                    = {From swarm intelligence to swarm robotics},
  Author                   = {Beni, Gerardo},
  Booktitle                = {Swarm Robotics},
  Publisher                = {Springer},
  Year                     = {2005},
  Pages                    = {1--9}
}

@InCollection{beni1993swarm,
  Title                    = {Swarm intelligence in cellular robotic systems},
  Author                   = {Beni, Gerardo and Wang, Jing},
  Booktitle                = {Robots and Biological Systems: Towards a New Bionics?},
  Publisher                = {Springer},
  Year                     = {1993},
  Pages                    = {703--712}
}

@Article{Berman2009,
  Title                    = {Optimized stochastic policies for task allocation in swarms of robots},
  Author                   = {Berman, Spring and Hal{\'a}sz, {\'A}d{\'a}m and Hsieh, M Ani and Kumar, Vijay},
  Journal                  = {Robotics, IEEE Transactions on},
  Year                     = {2009},
  Number                   = {4},
  Pages                    = {927--937},
  Volume                   = {25},

  Publisher                = {IEEE}
}

@Article{billard1999multi,
  Title                    = {A multi-robot system for adaptive exploration of a fast-changing environment: Probabilistic modeling and experimental study},
  Author                   = {Billard, Aude and Ijspeert, Auke Jan and Martinoli, Alcherio},
  Journal                  = {Connection Science},
  Year                     = {1999},
  Number                   = {3-4},
  Pages                    = {359--379},
  Volume                   = {11},

  Publisher                = {Taylor \& Francis}
}

@Book{Bonabeau1999,
  Title                    = {Swarm Intelligence, From Natural to Artificial Systems.},
  Author                   = {Bonabeau, Eric and Dorigo, Marco and Theraulaz, Guy},
  Publisher                = {Oxford University Press},
  Year                     = {1999},

  Chapter                  = {3},
  Owner                    = {anshu_000},
  Pages                    = {109-149},
  Timestamp                = {2013.03.07}
}

@Article{Carlsson1993,
  Title                    = {Global games and equilibrium selection},
  Author                   = {Carlsson, Hans and Van Damme, Eric},
  Journal                  = {Econometrica: Journal of the Econometric Society},
  Year                     = {1993},
  Pages                    = {989--1018},

  Publisher                = {JSTOR}
}

@Article{Chen2011,
  Title                    = {Resource constrained multirobot task allocation based on leader--follower coalition methodology},
  Author                   = {Chen, Jian and Sun, Dong},
  Journal                  = {The International Journal of Robotics Research},
  Year                     = {2011},
  Number                   = {12},
  Pages                    = {1423--1434},
  Volume                   = {30},

  Publisher                = {SAGE Publications}
}

@InProceedings{Correll2008,
  Title                    = {Parameter estimation and optimal control of swarm-robotic systems: A case study in distributed task allocation},
  Author                   = {Correll, Nikolaus},
  Booktitle                = {2008 IEEE International Conference on Robotics and Automation},
  Year                     = {2008},
  Month                    = may,
  Pages                    = {3302--3307},
  Publisher                = {Ieee},

  Doi                      = {10.1109/ROBOT.2008.4543714},
  File                     = {:E$\backslash$:/Documents/My Dropbox/Work/Grad\_School/Papers/PapersToRead/SwarmRobotSystemModeling/Correll\_PEaOCoSRSaCSiDTA.pdf:pdf},
  ISBN                     = {978-1-4244-1646-2},
  Keywords                 = {Agent-Based Systems,Distributed Robot Systems,Micro/Nano Robots}
}

@Article{correll2011modeling,
  Title                    = {Modeling and designing self-organized aggregation in a swarm of miniature robots},
  Author                   = {Correll, Nikolaus and Martinoli, Alcherio},
  Journal                  = {The International Journal of Robotics Research},
  Year                     = {2011},
  Number                   = {5},
  Pages                    = {615--626},
  Volume                   = {30},

  Publisher                = {SAGE Publications}
}

@InProceedings{dantu2012comparison,
  Title                    = {A comparison of deterministic and stochastic approaches for allocating spatially dependent tasks in micro-aerial vehicle collectives},
  Author                   = {Dantu, Karthik and Berman, Spring and Kate, Bryan and Nagpal, Radhika},
  Booktitle                = {Intelligent Robots and Systems (IROS), 2012 IEEE/RSJ International Conference on},
  Year                     = {2012},
  Organization             = {IEEE},
  Pages                    = {793--800}
}

@InProceedings{farrow14,
  Title                    = {Miniature Six-channel Range and Bearing System: Algorithm, Analysis and Experimental Validation },
  Author                   = {Farrow, Nicholas and Klingner, John and Reishus, Dustin and Correll, Nikolaus},
  Booktitle                = {IEEE International Conference on Robotics and Automation (ICRA)},
  Year                     = {2014},

  Address                  = {Hong Kong},

  Date                     = {2014-05-31},
  Keywords                 = {swarm robotics}
}

@Article{Feller1945,
  Title                    = {On the normal approximation to the binomial distribution},
  Author                   = {Feller, William},
  Journal                  = {The Annals of Mathematical Statistics},
  Year                     = {1945},
  Number                   = {4},
  Pages                    = {319--329},
  Volume                   = {16},

  Publisher                = {JSTOR}
}

@Article{Gerkey2004,
  Title                    = {A formal analysis and taxonomy of task allocation in multi-robot systems},
  Author                   = {Gerkey, Brian P and Matari{\'c}, Maja J},
  Journal                  = {The International Journal of Robotics Research},
  Year                     = {2004},
  Number                   = {9},
  Pages                    = {939--954},
  Volume                   = {23},

  Publisher                = {SAGE Publications}
}

@Article{gillespie77,
  Title                    = {Exact stochastic simulation of coupled chemical reactions},
  Author                   = {Gillespie, Daniel T.},
  Journal                  = {Journal of Computational Physics},
  Year                     = {1977},
  Number                   = {25},
  Pages                    = {2340--2361},
  Volume                   = {81},

  Owner                    = {anshu_000},
  Timestamp                = {2013.03.07}
}

@Article{gillespie76,
  Title                    = {A general method for numerically simulating the stochastic time evolution of coupled chemical reactions},
  Author                   = {Gillespie, Daniel T.},
  Journal                  = {Journal of Computational Physics},
  Year                     = {1976},
  Number                   = {403},
  Pages                    = {403--434},
  Volume                   = {22},

  Owner                    = {anshu_000},
  Timestamp                = {2013.03.07}
}

@InProceedings{Kanakia2014,
  Title                    = {A Response Threshold Sigmoid Function Model for Swarm Robot Collaboration},
  Author                   = {Kanakia, Anshul and Correll, Nikolaus},
  Booktitle                = {Distributed and Autonomous Robotic Systems (DARS 2014)},
  Year                     = {2014},

  Owner                    = {Anshul},
  Timestamp                = {2015.02.17}
}

@InProceedings{klingner14,
  Title                    = {A Stick-Slip Omnidirectional Drive-Train for Low-Cost Swarm Robotics: Mechanism, Calibration, and Control},
  Author                   = {Klingner, John and Kanakia, Anshul and Farrow, Nicholas and Reishus, Dustin and Correll, Nikolaus},
  Booktitle                = {IEEE/RSJ International Conference on Intelligent Robots and Systems (IROS)},
  Year                     = {2014},

  Date                     = {2014-09-09},
  Keywords                 = {Droplets, swarm robotics}
}

@Article{Krieger2000,
  Title                    = {Ant-like task allocation and recruitment in cooperative robots},
  Author                   = {Krieger, Michael JB and Billeter, Jean-Bernard and Keller, Laurent},
  Journal                  = {Nature},
  Year                     = {2000},
  Number                   = {6799},
  Pages                    = {992--995},
  Volume                   = {406},

  Publisher                = {Nature Publishing Group}
}

@InProceedings{Krishnanand2006,
  Title                    = {Glowworm-inspired robot swarm for simultaneous taxis towards multiple radiation sources},
  Author                   = {Krishnanand, KN and Amruth, P and Guruprasad, MH and Bidargaddi, Sharschchandra V and Ghose, Debasish},
  Booktitle                = {Robotics and Automation, 2006. ICRA 2006. Proceedings 2006 IEEE International Conference on},
  Year                     = {2006},
  Organization             = {IEEE},
  Pages                    = {958--963}
}

@Article{Lerman2001,
  Title                    = {A Macroscopic Analytical Model of Collaboration in Distributed Robotic Systems.},
  Author                   = {Lerman, Kristina and Galstyan, Aram and Martinoli, Alcherio and Ijspeert, Auke},
  Journal                  = {Artificial life},
  Year                     = {2001},

  Month                    = jan,
  Number                   = {4},
  Pages                    = {375--93},
  Volume                   = {7},

  Doi                      = {10.1162/106454601317297013},
  ISSN                     = {1064-5462},
  Keywords                 = {Computer Communication Networks,Computer Communication Networks: instrumentation,Computer Communication Networks: statistics \& nume,Cooperative Behavior,Models, Theoretical,Robotics,Robotics: instrumentation,Robotics: methods},
  Pmid                     = {11911788}
}

@Article{Lerman2005,
  Title                    = {A Review of Probabilistic Macroscopic Models},
  Author                   = {Lerman, Kristina and Martinoli, Alcherio and Galstyan, Aram},
  Journal                  = {Swarm Robotics Workshop: State-of-the-art Survery},
  Year                     = {2005},
  Number                   = {i},
  Pages                    = {143--152},

  Editor                   = {Sahin, E and Spears, W},
  File                     = {:E$\backslash$:/Documents/My Dropbox/Work/Grad\_School/Papers/PapersToRead/SwarmRobotSystemModeling/Lerman\_ARoPMMfSRS.pdf:pdf},
  Publisher                = {Berlin:Springer-Verlag}
}

@Article{Martinoli2004,
  Title                    = {Modeling Swarm Robotic Systems: a Case Study in Collaborative Distributed Manipulation},
  Author                   = {Martinoli, Alcherio and Easton, Kjerstin and Agassounon, William},
  Journal                  = {The International Journal of Robotics Research},
  Year                     = {2004},

  Month                    = apr,
  Number                   = {4},
  Pages                    = {415--436},
  Volume                   = {23},

  Doi                      = {10.1177/0278364904042197},
  File                     = {:E$\backslash$:/Documents/My Dropbox/Work/Grad\_School/Papers/PapersToRead/SwarmRobotSystemModeling/Martinoli\_MSRSaCSiCDM.pdf:pdf},
  ISSN                     = {02783649},
  Keywords                 = {distributed control,macroscopic modeling,microscopic and,swarm intelligence,swarm robotics}
}

@Article{Martinoli1999a,
  Title                    = {A probabilistic model for understanding and comparing collective aggregation mechanisms},
  Author                   = {Martinoli, Alcherio and Ijspeert, Auke Jan and Gambardella, Luca Maria},
  Journal                  = {Advances in Artificial Life},
  Year                     = {1999},
  Pages                    = {575--584},

  Publisher                = {Springer}
}

@Article{Martinoli1999,
  Title                    = {Understanding collective aggregation mechanisms: From probabilistic modelling to experiments with real robots},
  Author                   = {Martinoli, Alcherio and Ijspeert, Auke Jan and Mondada, Francesco},
  Journal                  = {Robotics and Autonomous Systems},
  Year                     = {1999},
  Number                   = {1},
  Pages                    = {51--63},
  Volume                   = {29},

  Publisher                = {Elsevier}
}

@InProceedings{Martinoli1995,
  Title                    = {Collective and cooperative group behaviours: Biologically inspired experiments in robotics},
  Author                   = {Alcherio Martinoli and Francesco Mondada},
  Booktitle                = {Proceedings of the Fourth International Symposium on Experimental Robotics},
  Year                     = {1995},
  Pages                    = {3--10},
  Publisher                = {Springer Verlag},

  Owner                    = {Anshul},
  Timestamp                = {2013.09.13}
}

@Article{Mataric2003,
  Title                    = {Multi-robot task allocation in uncertain environments},
  Author                   = {Matari{\'c}, Maja J and Sukhatme, Gaurav S and {\O}stergaard, Esben H},
  Journal                  = {Autonomous Robots},
  Year                     = {2003},
  Number                   = {2-3},
  Pages                    = {255--263},
  Volume                   = {14},

  Publisher                = {Springer}
}

@PhdThesis{mather2013ensemble,
  Title                    = {An Ensemble Approach Towards Dynamic Task Assignment for Many Robot Systems},
  Author                   = {Mather, T. William},
  School                   = {Drexel University},
  Year                     = {2013}
}

@InProceedings{mather2010towards,
  Title                    = {Towards dynamic team formation for robot ensembles},
  Author                   = {Mather, T. William and Hsieh, M. Ani and Frazzoli, Emilio},
  Booktitle                = {Robotics and Automation (ICRA), 2010 IEEE International Conference on},
  Year                     = {2010},
  Organization             = {IEEE},
  Pages                    = {4970--4975}
}

@Book{Morris2000,
  Title                    = {Global games: theory and applications},
  Author                   = {Morris, Stephen E and Shin, Hyun Song},
  Publisher                = {Cowles Foundation for Research in Economics},
  Year                     = {2000}
}

@Article{Pacala1996,
  Title                    = {Effects of social group size on information transfer and task allocation},
  Author                   = {Pacala, Stephen W and Gordon, Deborah M and Godfray, HCJ},
  Journal                  = {Evolutionary Ecology},
  Year                     = {1996},
  Number                   = {2},
  Pages                    = {127--165},
  Volume                   = {10},

  Publisher                = {Springer}
}

@Article{prorok10,
  Title                    = {Multi-Level Spatial Models for Swarm-Robotic Systems},
  Author                   = {Prorok, Amanda and Correll, Nikolaus and Martinoli, Alcherio},
  Journal                  = {The International Journal of Robotics Research. Special Issue on Stochasticity in Robotics and Biological Systems.},
  Year                     = {2011},
  Number                   = {5},
  Pages                    = {574--589},
  Volume                   = {30},

  Date                     = {2011-01-01},
  Keywords                 = {inspection, modeling of swarming systems, spatial, swarm robotics}
}

@InProceedings{sugawara2012,
  Title                    = {Object Transportation by Granular Convection Using Swarm Robots},
  Author                   = {Sugawara, Ken and Correll, Nikolaus and Reishus, Dustin},
  Booktitle                = {Proc.\ of the Int.\ Symposium on Distributed Autonomous Robotic Systems ({DARS})},
  Year                     = {2012}
}

@Article{vig2007coalition,
  Title                    = {Coalition formation: From software agents to robots},
  Author                   = {Vig, Lovekesh and Adams, Julie A},
  Journal                  = {Journal of Intelligent and Robotic Systems},
  Year                     = {2007},
  Number                   = {1},
  Pages                    = {85--118},
  Volume                   = {50},

  Publisher                = {Springer}
}

