% This file was created with JabRef 2.10.
% Encoding: Cp1252


@Article{Bonabeau2000,
  Title                    = {Inspiration for optimization from social insect behaviour},
  Author                   = {Bonabeau, Eric and Dorigo, Marco and Theraulaz, Guy},
  Journal                  = {Nature},
  Year                     = {2000},
  Number                   = {6791},
  Pages                    = {39--42},
  Volume                   = {406}
}

@Article{Bonabeau1996,
  Title                    = {Quantitative study of the fixed threshold model for the regulation of division of labour in insect societies},
  Author                   = {Bonabeau, Eric and Theraulaz, Guy and Deneubourg, Jean-Louis},
  Journal                  = {Proceedings of the Royal Society of London. Series B: Biological Sciences},
  Year                     = {1996},
  Number                   = {1376},
  Pages                    = {1565--1569},
  Volume                   = {263},

  Publisher                = {The Royal Society}
}

@Article{border1990fixed,
  Title                    = {Fixed point theorems with applications to economics and game theory},
  Author                   = {Border, Kim C},
  Journal                  = {Cambridge Books},
  Year                     = {1990},

  Owner                    = {Anshul},
  Publisher                = {Cambridge university press},
  Timestamp                = {2015.05.18}
}

@Article{camilli1994,
  Title                    = {Teacherâ€™s corner: Origin of the scaling constant d= 1.7 in item response theory},
  Author                   = {Camilli, Gregory},
  Journal                  = {Journal of Educational and Behavioral Statistics},
  Year                     = {1994},
  Number                   = {3},
  Pages                    = {293--295},
  Volume                   = {19},

  Owner                    = {Anshul},
  Publisher                = {Sage Publications},
  Timestamp                = {2015.05.18}
}

@Article{Carlsson1993,
  Title                    = {Global games and equilibrium selection},
  Author                   = {Carlsson, Hans and Van Damme, Eric},
  Journal                  = {Econometrica: Journal of the Econometric Society},
  Year                     = {1993},
  Pages                    = {989--1018},

  Owner                    = {Anshul},
  Publisher                = {JSTOR},
  Timestamp                = {2015.05.04}
}

@Article{Conradt2005,
  Title                    = {Consensus decision making in animals},
  Author                   = {Conradt, Larissa and Roper, Timothy J.},
  Journal                  = {Trends in Ecology \& Evolution},
  Year                     = {2005},

  Month                    = aug,
  Number                   = {8},
  Pages                    = {449--456},
  Volume                   = {20},

  Doi                      = {10.1016/j.tree.2005.05.008},
  ISSN                     = {01695347}
}

@Article{Conradt2003,
  Title                    = {Group decision-making in animals},
  Author                   = {Conradt, Larissa and Roper, Timothy J},
  Journal                  = {Nature},
  Year                     = {2003},
  Number                   = {6919},
  Pages                    = {155--158},
  Volume                   = {421}
}

@Book{durrett2010,
  Title                    = {Probability: theory and examples},
  Author                   = {Durrett, Rick},
  Publisher                = {Cambridge university press},
  Year                     = {2010},

  Owner                    = {Anshul},
  Timestamp                = {2015.05.18}
}

@Book{folland2013real,
  Title                    = {Real analysis: modern techniques and their applications},
  Author                   = {Folland, Gerald B},
  Publisher                = {John Wiley \& Sons},
  Year                     = {2013},

  Owner                    = {Anshul},
  Timestamp                = {2015.05.18}
}

@Book{fudenberg1998theory,
  Title                    = {The theory of learning in games},
  Author                   = {Fudenberg, Drew},
  Publisher                = {MIT press},
  Year                     = {1998},
  Volume                   = {2},

  Owner                    = {Anshul},
  Timestamp                = {2015.05.18}
}

@Article{Gerkey2004,
  Title                    = {A Formal Analysis and Taxonomy of Task Allocation in Multi-Robot Systems},
  Author                   = {Gerkey, B. P.},
  Journal                  = {The International Journal of Robotics Research},
  Year                     = {2004},

  Month                    = sep,
  Number                   = {9},
  Pages                    = {939--954},
  Volume                   = {23},

  Doi                      = {10.1177/0278364904045564},
  ISSN                     = {0278-3649},
  Language                 = {en}
}

@InProceedings{Gerkey2003,
  Title                    = {Multi-robot task allocation: Analyzing the complexity and optimality of key architectures},
  Author                   = {Gerkey, Brian P. and Mataric, Maja J.},
  Booktitle                = {Robotics and {Automation}, 2003. {Proceedings}. {ICRA}'03. {IEEE} {International} {Conference} on},
  Year                     = {2003},
  Pages                    = {3862--3868},
  Publisher                = {IEEE},
  Volume                   = {3}
}

@Article{Gordon1996,
  Title                    = {The organization of work in social insect colonies},
  Author                   = {Gordon, Deborah M.},
  Journal                  = {Nature},
  Year                     = {1996},
  Number                   = {6570},
  Pages                    = {121--124},
  Volume                   = {380}
}

@Article{Krieger2000,
  Title                    = {Ant-like task allocation and recruitment in cooperative robots},
  Author                   = {Krieger, Michael JB and Billeter, Jean-Bernard and Keller, Laurent},
  Journal                  = {Nature},
  Year                     = {2000},
  Number                   = {6799},
  Pages                    = {992--995},
  Volume                   = {406}
}

@Article{Kube2000,
  Title                    = {Cooperative transport by ants and robots},
  Author                   = {Kube, C. Ronald and Bonabeau, Eric},
  Journal                  = {Robotics and autonomous systems},
  Year                     = {2000},
  Number                   = {1},
  Pages                    = {85--101},
  Volume                   = {30}
}

@Article{Martinoli1999,
  Title                    = {Understanding collective aggregation mechanisms: From probabilistic modelling to experiments with real robots},
  Author                   = {Martinoli, Alcherio and Ijspeert, Auke Jan and Mondada, F.},
  Journal                  = {Robotics and Autonomous Systems},
  Year                     = {1999},
  Number                   = {1},
  Pages                    = {51--63},
  Volume                   = {29}
}

@Article{Mataric2003,
  Title                    = {Multi-robot task allocation in uncertain environments},
  Author                   = {Matari\'{c}, Maja J. and Sukhatme, Gaurav S. and {\~{A}}{\textasciitilde}stergaard, Esben H.},
  Journal                  = {Autonomous Robots},
  Year                     = {2003},
  Number                   = {2-3},
  Pages                    = {255--263},
  Volume                   = {14},

  Doi                      = {10.1023/A:1022291921717}
}

@Article{McEvoy2015,
  Title                    = {Materials that couple sensing, actuation, computation, and communication},
  Author                   = {McEvoy, MA and Correll, N},
  Journal                  = {Science},
  Year                     = {2015},
  Number                   = {6228},
  Pages                    = {1261689},
  Volume                   = {347},

  Publisher                = {American Association for the Advancement of Science}
}

@Book{Morris2000,
  Title                    = {Global games: theory and applications},
  Author                   = {Morris, Stephen E and Shin, Hyun Song},
  Publisher                = {Cowles Foundation for Research in Economics},
  Year                     = {2000},

  Owner                    = {Anshul},
  Timestamp                = {2015.05.04}
}

@InProceedings{Pynadath2002,
  Title                    = {Multiagent teamwork: Analyzing the optimality and complexity of key theories and models},
  Author                   = {Pynadath, David V. and Tambe, Milind},
  Booktitle                = {Proceedings of the first international joint conference on {Autonomous} agents and multiagent systems: part 2},
  Year                     = {2002},
  Pages                    = {873--880},
  Publisher                = {ACM}
}

@Article{Raafat2009,
  Title                    = {Herding in humans},
  Author                   = {Raafat, Ramsey M. and Chater, Nick and Frith, Chris},
  Journal                  = {Trends in cognitive sciences},
  Year                     = {2009},
  Number                   = {10},
  Pages                    = {420--428},
  Volume                   = {13}
}

@Article{Robinson1987,
  Title                    = {Modulation of alarm pheromone perception in the honey bee: evidence for division of labor based on hormonall regulated response thresholds},
  Author                   = {Robinson, Gene E},
  Journal                  = {Journal of Comparative Physiology A},
  Year                     = {1987},
  Number                   = {5},
  Pages                    = {613--619},
  Volume                   = {160},

  Publisher                = {Springer}
}

@Article{Suzuki2015,
  Title                    = {Neural Mechanisms Underlying Human Consensus Decision-Making},
  Author                   = {Suzuki, Shinsuke and Adachi, Ryo and Dunne, Simon and Bossaerts, Peter and O{\^{a}}Doherty, John{\^{A}}{~}P.},
  Journal                  = {Neuron},
  Year                     = {2015},

  Month                    = apr,

  Doi                      = {10.1016/j.neuron.2015.03.019}
}

@Article{Theraulaz1998,
  Title                    = {Response threshold reinforcements and division of labour in insect societies},
  Author                   = {Theraulaz, Guy and Bonabeau, Eric and Denuebourg, J. N.},
  Journal                  = {Proceedings of the Royal Society of London. Series B: Biological Sciences},
  Year                     = {1998},
  Number                   = {1393},
  Pages                    = {327--332},
  Volume                   = {265}
}

@Article{Yoshida2010,
  Title                    = {Neural Mechanisms of Belief Inference during Cooperative Games},
  Author                   = {Yoshida, W. and Seymour, B. and Friston, K. J. and Dolan, R. J.},
  Journal                  = {Journal of Neuroscience},
  Year                     = {2010},

  Month                    = aug,
  Number                   = {32},
  Pages                    = {10744--10751},
  Volume                   = {30},

  Doi                      = {10.1523/JNEUROSCI.5895-09.2010}
}

