% This file was created with JabRef 2.10.
% Encoding: Cp1252


@InProceedings{Agassounon2002,
  Title                    = {A macroscopic model of an aggregation experiment using embodied agents in groups of time-varying sizes},
  Author                   = {Agassounon, William and Martinoli, Alcherio},
  Booktitle                = {Proc. of the IEEE Conf. on System, Man and Cybernetics (SMC), Hammamet, Tunisia},
  Year                     = {2002},
  Pages                    = {250--255}
}

@InProceedings{Agassounon2002a,
  Title                    = {Efficiency and robustness of threshold-based distributed allocation algorithms in multi-agent systems},
  Author                   = {Agassounon, William and Martinoli, Alcherio},
  Booktitle                = {Proceedings of the first international joint conference on Autonomous agents and multiagent systems: part 3},
  Year                     = {2002},
  Organization             = {ACM},
  Pages                    = {1090--1097}
}

@InProceedings{Agassounon2001,
  Title                    = {A Scalable, Distributed Algorithm for Allocating Workers in Embedded Systems},
  Author                   = {Agassounon, William and Martinoli, Alcherio and Goodman, Rodney},
  Booktitle                = {Proceedings of the 2001 IEEE Systems, Man and Cybernetics Conference},
  Year                     = {2001},
  Pages                    = {3367-3373},
  Publisher                = {New York:IEEE Press}
}

@Article{Amstutz2008,
  Title                    = {Distributed boundary coverage with a team of networked miniature robots using a robust market-based algorithm},
  Author                   = {Amstutz, Patrick and Correll, Nikolaus and Martinoli, Alcherio},
  Journal                  = {Annals of Mathematics and Artificial Intelligence},
  Year                     = {2008},
  Number                   = {2-4},
  Pages                    = {307--333},
  Volume                   = {52},

  Publisher                = {Springer}
}

@InCollection{Beni2005,
  Title                    = {From swarm intelligence to swarm robotics},
  Author                   = {Beni, Gerardo},
  Booktitle                = {Swarm Robotics},
  Publisher                = {Springer},
  Year                     = {2005},
  Pages                    = {1--9}
}

@InCollection{Beni1993,
  Title                    = {Swarm intelligence in cellular robotic systems},
  Author                   = {Beni, Gerardo and Wang, Jing},
  Booktitle                = {Robots and Biological Systems: Towards a New Bionics?},
  Publisher                = {Springer},
  Year                     = {1993},
  Pages                    = {703--712}
}

@Article{Berman2009,
  Title                    = {Optimized stochastic policies for task allocation in swarms of robots},
  Author                   = {Berman, Spring and Hal{\'a}sz, {\'A}d{\'a}m and Hsieh, M Ani and Kumar, Vijay},
  Journal                  = {IEEE Transactions on Roboics},
  Year                     = {2009},
  Number                   = {4},
  Pages                    = {927--937},
  Volume                   = {25},

  Publisher                = {IEEE}
}

@Article{billard1999multi,
  Title                    = {A multi-robot system for adaptive exploration of a fast-changing environment: Probabilistic modeling and experimental study},
  Author                   = {Billard, Aude and Ijspeert, Auke Jan and Martinoli, Alcherio},
  Journal                  = {Connection Science},
  Year                     = {1999},
  Number                   = {3-4},
  Pages                    = {359--379},
  Volume                   = {11},

  Publisher                = {Taylor \& Francis}
}

@Book{Bonabeau1999,
  Title                    = {Swarm Intelligence, From Natural to Artificial Systems.},
  Author                   = {Bonabeau, Eric and Dorigo, Marco and Theraulaz, Guy},
  Publisher                = {Oxford University Press},
  Year                     = {1999},

  Chapter                  = {3},
  Owner                    = {anshu_000},
  Pages                    = {109-149},
  Timestamp                = {2013.03.07}
}

@InProceedings{Bonabeau1997,
  Title                    = {Adaptive Task Allocation Inspired by a Model of Division of Labor in Social Insects.},
  Author                   = {Bonabeau, Eric and Sobkowski, Andrej and Theraulaz, Guy and Deneubourg, Jean-Louis},
  Booktitle                = {BCEC},
  Year                     = {1997},
  Pages                    = {36--45}
}

@Article{Bonabeau1996,
  Title                    = {Quantitative study of the fixed threshold model for the regulation of division of labour in insect societies},
  Author                   = {Bonabeau, Eric and Theraulaz, Guy and Deneubourg, Jean-Louis},
  Journal                  = {Proceedings of the Royal Society of London. Series B: Biological Sciences},
  Year                     = {1996},
  Number                   = {1376},
  Pages                    = {1565--1569},
  Volume                   = {263},

  Publisher                = {The Royal Society}
}

@Article{border1990fixed,
  Title                    = {Fixed point theorems with applications to economics and game theory},
  Author                   = {Border, Kim C},
  Journal                  = {Cambridge Books},
  Year                     = {1990},

  Publisher                = {Cambridge university press}
}

@Book{Box1978,
  Title                    = {Statistics for experimenters},
  Author                   = {Box, George EP and Hunter, William Gordon and Hunter, J Stuart and others},
  Editor                   = {Balding, David J. and Bloomfield Peter and Cressie A. C.},
  Publisher                = {John Wiley and sons New York},
  Year                     = {1978}
}

@Article{Breed1990,
  Title                    = {Division of labor during honey bee colony defense},
  Author                   = {Breed, Michael D and Robinson, Gene E and Page Jr, Robert E},
  Journal                  = {Behavioral Ecology and Sociobiology},
  Year                     = {1990},
  Number                   = {6},
  Pages                    = {395--401},
  Volume                   = {27},

  Publisher                = {Springer}
}

@Article{camilli1994,
  Title                    = {Teacher’s corner: Origin of the scaling constant d= 1.7 in item response theory},
  Author                   = {Camilli, Gregory},
  Journal                  = {Journal of Educational and Behavioral Statistics},
  Year                     = {1994},
  Number                   = {3},
  Pages                    = {293--295},
  Volume                   = {19},

  Publisher                = {Sage Publications}
}

@Article{Carlsson1993,
  Title                    = {Global games and equilibrium selection},
  Author                   = {Carlsson, Hans and Van Damme, Eric},
  Journal                  = {Econometrica: Journal of the Econometric Society},
  Year                     = {1993},
  Pages                    = {989--1018},

  Publisher                = {JSTOR}
}

@Article{Chen2011,
  Title                    = {Resource constrained multirobot task allocation based on leader--follower coalition methodology},
  Author                   = {Chen, Jian and Sun, Dong},
  Journal                  = {The International Journal of Robotics Research},
  Year                     = {2011},
  Number                   = {12},
  Pages                    = {1423--1434},
  Volume                   = {30},

  Publisher                = {SAGE Publications}
}

@Article{Chu1987,
  Title                    = {Task allocation and precedence relations for distributed real-time systems},
  Author                   = {Chu, Wesley W. and Lan, LM-T},
  Journal                  = {Computers, IEEE Transactions on},
  Year                     = {1987},
  Number                   = {6},
  Pages                    = {667--679},
  Volume                   = {100},

  Publisher                = {IEEE}
}

@InProceedings{Correll2008,
  Title                    = {Parameter estimation and optimal control of swarm-robotic systems: A case study in distributed task allocation},
  Author                   = {Correll, Nikolaus},
  Booktitle                = {IEEE Int.\ Conf.\ on Robotics and Automation (ICRA)},
  Year                     = {2008}
}

@PhdThesis{Correll2007,
  Title                    = {Coordination schemes for distributed boundary coverage with a swarm of miniature robots: synthesis, analysis and experimental validation},
  Author                   = {Correll, Nikolaus},
  School                   = {Ecole Polytechnique F�d�rale, Lausanne, Switzerland},
  Year                     = {2007},

  Journal                  = {Online]. Ph. D. thesis, Ecole Polytechnique F�d�rale, Lausanne, Switzerland}
}

@Article{correll2011modeling,
  Title                    = {Modeling and designing self-organized aggregation in a swarm of miniature robots},
  Author                   = {Correll, Nikolaus and Martinoli, Alcherio},
  Journal                  = {The International Journal of Robotics Research},
  Year                     = {2011},
  Number                   = {5},
  Pages                    = {615--626},
  Volume                   = {30},

  Publisher                = {SAGE Publications}
}

@InProceedings{Dantu2012,
  Title                    = {A comparison of deterministic and stochastic approaches for allocating spatially dependent tasks in micro-aerial vehicle collectives},
  Author                   = {Dantu, Karthik and Berman, Spring and Kate, Bryan and Nagpal, Radhika},
  Booktitle                = {IEEE/RSJ International Conference on Intelligent Robots and Systems (IROS)},
  Year                     = {2012},
  Pages                    = {793--800}
}

@Book{durrett2010,
  Title                    = {Probability: theory and examples},
  Author                   = {Durrett, Rick},
  Publisher                = {Cambridge university press},
  Year                     = {2010}
}

@InProceedings{Farrow2014,
  Title                    = {Miniature Six-channel Range and Bearing System: Algorithm, Analysis and Experimental Validation },
  Author                   = {Farrow, Nicholas and Klingner, John and Reishus, Dustin and Correll, Nikolaus},
  Booktitle                = {IEEE International Conference on Robotics and Automation (ICRA)},
  Year                     = {2014},

  Address                  = {Hong Kong},

  Date                     = {2014-05-31},
  Keywords                 = {swarm robotics}
}

@Article{Feller1945,
  Title                    = {On the normal approximation to the binomial distribution},
  Author                   = {Feller, William},
  Journal                  = {The Annals of Mathematical Statistics},
  Year                     = {1945},
  Number                   = {4},
  Pages                    = {319--329},
  Volume                   = {16},

  Publisher                = {JSTOR}
}

@Book{folland2013real,
  Title                    = {Real analysis: modern techniques and their applications},
  Author                   = {Folland, Gerald B},
  Publisher                = {John Wiley \& Sons},
  Year                     = {2013}
}

@Book{fudenberg1998theory,
  Title                    = {The theory of learning in games},
  Author                   = {Fudenberg, Drew},
  Publisher                = {MIT press},
  Year                     = {1998},
  Volume                   = {2}
}

@Article{Gerkey2004,
  Title                    = {A formal analysis and taxonomy of task allocation in multi-robot systems},
  Author                   = {Gerkey, Brian P and Matari{\'c}, Maja J},
  Journal                  = {The International Journal of Robotics Research},
  Year                     = {2004},
  Number                   = {9},
  Pages                    = {939--954},
  Volume                   = {23},

  Publisher                = {SAGE Publications}
}

@Article{gillespie77,
  Title                    = {Exact stochastic simulation of coupled chemical reactions},
  Author                   = {Gillespie, Daniel T.},
  Journal                  = {Journal of Computational Physics},
  Year                     = {1977},
  Number                   = {25},
  Pages                    = {2340--2361},
  Volume                   = {81},

  Owner                    = {anshu_000},
  Timestamp                = {2013.03.07}
}

@Article{gillespie76,
  Title                    = {A general method for numerically simulating the stochastic time evolution of coupled chemical reactions},
  Author                   = {Gillespie, Daniel T.},
  Journal                  = {Journal of Computational Physics},
  Year                     = {1976},
  Number                   = {403},
  Pages                    = {403--434},
  Volume                   = {22},

  Owner                    = {anshu_000},
  Timestamp                = {2013.03.07}
}

@Article{Gordon1999,
  Title                    = {Encounter rate and task allocation in harvester ants},
  Author                   = {Gordon, Deborah M and Mehdiabadi, Natasha J},
  Journal                  = {Behavioral Ecology and Sociobiology},
  Year                     = {1999},
  Number                   = {5},
  Pages                    = {370--377},
  Volume                   = {45},

  Publisher                = {Springer}
}

@Article{grasse1959reconstruction,
  Title                    = {La reconstruction du nid et les coordinations interindividuelles chez Bellicositermes natalensis et Cubitermes sp. la th{\'e}orie de la stigmergie: Essai d'interpr{\'e}tation du comportement des termites constructeurs},
  Author                   = {Grass{\'e}, Plerre-P},
  Journal                  = {Insectes sociaux},
  Year                     = {1959},
  Number                   = {1},
  Pages                    = {41--80},
  Volume                   = {6},

  Publisher                = {Springer}
}

@InProceedings{Jin2003,
  Title                    = {Cooperative real-time search and task allocation in UAV teams},
  Author                   = {Jin, Yan and Minai, Ali A and Polycarpou, Marios M},
  Booktitle                = {Decision and Control, 2003. Proceedings. 42nd IEEE Conference on},
  Year                     = {2003},
  Organization             = {IEEE},
  Pages                    = {7--12},
  Volume                   = {1}
}

@Article{Jones2004,
  Title                    = {Honey bee nest thermoregulation: diversity promotes stability},
  Author                   = {Jones, Julia C and Myerscough, Mary R and Graham, Sonia and Oldroyd, Benjamin P},
  Journal                  = {Science},
  Year                     = {2004},
  Number                   = {5682},
  Pages                    = {402--404},
  Volume                   = {305},

  Publisher                = {American Association for the Advancement of Science}
}

@phdthesis{correll2007coordination,
  title={Coordination schemes for distributed boundary coverage with a swarm of miniature robots: synthesis, analysis and experimental validation},
  author={Correll, Nicolaus},
  year={2007},
  school={Ecole Polytechnique F{\'e}d{\'e}rale, Lausanne, CH}
}


@InCollection{Kalra2006,
  Title                    = {Comparative study of market-based and threshold-based task allocation},
  Author                   = {Kalra, Nidhi and Martinoli, Alcherio},
  Booktitle                = {Distributed autonomous robotic systems 7},
  Publisher                = {Springer},
  Year                     = {2006},
  Pages                    = {91--101}
}

@InProceedings{Kanakia2014,
  Title                    = {A Response Threshold Sigmoid Function Model for Swarm Robot Collaboration},
  Author                   = {Kanakia, Anshul and Correll, Nikolaus},
  Booktitle                = {Distributed and Autonomous Robotic Systems (\emph{Best Paper}, DARS)},
  Year                     = {2014}
}

@InProceedings{Klingner2014,
  Title                    = {A Stick-Slip Omnidirectional Drive-Train for Low-Cost Swarm Robotics: Mechanism, Calibration, and Control},
  Author                   = {Klingner, John and Kanakia, Anshul and Farrow, Nicholas and Reishus, Dustin and Correll, Nikolaus},
  Booktitle                = {IEEE/RSJ International Conference on Intelligent Robots and Systems (IROS)},
  Year                     = {2014},

  Date                     = {2014-09-09},
  Keywords                 = {Droplets, swarm robotics}
}

@Article{Krieger2000a,
  Title                    = {The call of duty: Self-organised task allocation in a population of up to twelve mobile robots},
  Author                   = {Krieger, Michael JB and Billeter, Jean-Bernard},
  Journal                  = {Robotics and Autonomous Systems},
  Year                     = {2000},
  Number                   = {1},
  Pages                    = {65--84},
  Volume                   = {30},

  Publisher                = {Elsevier}
}

@Article{Krieger2000,
  Title                    = {Ant-like task allocation and recruitment in cooperative robots},
  Author                   = {Krieger, Michael JB and Billeter, Jean-Bernard and Keller, Laurent},
  Journal                  = {Nature},
  Year                     = {2000},
  Number                   = {6799},
  Pages                    = {992--995},
  Volume                   = {406},

  Publisher                = {Nature Publishing Group}
}

@InProceedings{Krishnanand2006,
  Title                    = {Glowworm-inspired robot swarm for simultaneous taxis towards multiple radiation sources},
  Author                   = {Krishnanand, KN and Amruth, P and Guruprasad, MH and Bidargaddi, Sharschchandra V and Ghose, Debasish},
  Booktitle                = {Robotics and Automation, 2006. ICRA 2006. Proceedings 2006 IEEE International Conference on},
  Year                     = {2006},
  Organization             = {IEEE},
  Pages                    = {958--963}
}

@article{lerman2006analysis,
  title={Analysis of dynamic task allocation in multi-robot systems},
  author={Lerman, Kristina and Jones, Chris and Galstyan, Aram and Matari{\'c}, Maja J},
  journal={The International Journal of Robotics Research},
  volume={25},
  number={3},
  pages={225--241},
  year={2006},
  publisher={SAGE Publications}
}

@Article{Lerman2001,
  Title                    = {A Macroscopic Analytical Model of Collaboration in Distributed Robotic Systems.},
  Author                   = {Lerman, Kristina and Galstyan, Aram and Martinoli, Alcherio and Ijspeert, Auke},
  Journal                  = {Artificial life},
  Year                     = {2001},
  Pages                    = {375--93},
  Volume                   = {7},

  ISSN                     = {1064-5462},
  Pmid                     = {11911788}
}

@Article{Lerman2005,
  Title                    = {A Review of Probabilistic Macroscopic Models},
  Author                   = {Lerman, Kristina and Martinoli, Alcherio and Galstyan, Aram},
  Journal                  = {Swarm Robotics Workshop: State-of-the-art Survery},
  Year                     = {2005},
  Pages                    = {143--152},

  Editor                   = {Sahin, E and Spears, W},
  File                     = {:E$\backslash$:/Documents/My Dropbox/Work/Grad\_School/Papers/PapersToRead/SwarmRobotSystemModeling/Lerman\_ARoPMMfSRS.pdf:pdf},
  Publisher                = {Berlin:Springer-Verlag}
}

@Article{Liu2007,
  Title                    = {Towards energy optimization: Emergent task allocation in a swarm of foraging robots},
  Author                   = {Liu, Wenguo and Winfield, Alan FT and Sa, Jin and Chen, Jie and Dou, Lihua},
  Journal                  = {Adaptive Behavior},
  Year                     = {2007},
  Number                   = {3},
  Pages                    = {289--305},
  Volume                   = {15},

  Publisher                = {SAGE Publications}
}

@InProceedings{Low2004,
  Title                    = {Task allocation via self-organizing swarm coalitions in distributed mobile sensor network},
  Author                   = {Low, Kian Hsiang and Leow, Wee Kheng and Ang Jr, Marcelo H},
  Booktitle                = {AAAI},
  Year                     = {2004},
  Pages                    = {28--33},
  Volume                   = {4}
}

@Article{Martinoli2004,
  Title                    = {Modeling Swarm Robotic Systems: a Case Study in Collaborative Distributed Manipulation},
  Author                   = {Martinoli, Alcherio and Easton, Kjerstin and Agassounon, William},
  Journal                  = {The International Journal of Robotics Research},
  Year                     = {2004},
  Pages                    = {415--436},
  Volume                   = {23}
}

@InCollection{Martinoli1998,
  Title                    = {Towards a reliable set-up for bio-inspired collective experiments with real robots},
  Author                   = {Martinoli, Alcherio and Franzi, E and Matthey, O},
  Booktitle                = {Experimental Robotics V},
  Publisher                = {Springer},
  Year                     = {1998},
  Pages                    = {595--608}
}

@Article{Martinoli1999a,
  Title                    = {A probabilistic model for understanding and comparing collective aggregation mechanisms},
  Author                   = {Martinoli, Alcherio and Ijspeert, Auke Jan and Gambardella, Luca Maria},
  Journal                  = {Advances in Artificial Life},
  Year                     = {1999},
  Pages                    = {575--584},

  Publisher                = {Springer}
}

@Article{Martinoli1999,
  Title                    = {Understanding collective aggregation mechanisms: From probabilistic modelling to experiments with real robots},
  Author                   = {Martinoli, Alcherio and Ijspeert, Auke Jan and Mondada, Francesco},
  Journal                  = {Robotics and Autonomous Systems},
  Year                     = {1999},
  Number                   = {1},
  Pages                    = {51--63},
  Volume                   = {29},

  Publisher                = {Elsevier}
}

@InProceedings{Martinoli1995,
  Title                    = {Collective and cooperative group behaviours: Biologically inspired experiments in robotics},
  Author                   = {Alcherio Martinoli and Francesco Mondada},
  Booktitle                = {Proceedings of the Fourth International Symposium on Experimental Robotics},
  Year                     = {1995},
  Pages                    = {3--10},
  Publisher                = {Springer Verlag}
}

@Article{Mataric2003,
  Title                    = {Multi-robot task allocation in uncertain environments},
  Author                   = {Matari{\'c}, Maja J and Sukhatme, Gaurav S and {\O}stergaard, Esben H},
  Journal                  = {Autonomous Robots},
  Year                     = {2003},
  Pages                    = {255--263},
  Volume                   = {14},

  Publisher                = {Springer}
}

@PhdThesis{Mather2013,
  Title                    = {An Ensemble Approach Towards Dynamic Task Assignment for Many Robot Systems},
  Author                   = {Mather, T. William},
  School                   = {Drexel University},
  Year                     = {2013}
}

@InProceedings{Mather2010,
  Title                    = {Towards dynamic team formation for robot ensembles},
  Author                   = {Mather, T. William and Hsieh, M. Ani and Frazzoli, Emilio},
  Booktitle                = {Robotics and Automation (ICRA), 2010 IEEE International Conference on},
  Year                     = {2010},
  Organization             = {IEEE},
  Pages                    = {4970--4975}
}

@Book{Morris2000,
  Title                    = {Global games: theory and applications},
  Author                   = {Morris, Stephen E and Shin, Hyun Song},
  Publisher                = {Cowles Foundation for Research in Economics},
  Year                     = {2000}
}

@Article{Myerscough2004,
  Title                    = {Simulation models of the role of genetic variability in social insect task allocation},
  Author                   = {Myerscough, MR and Oldroyd, BP},
  Journal                  = {Insectes Sociaux},
  Year                     = {2004},
  Number                   = {2},
  Pages                    = {146--152},
  Volume                   = {51},

  Publisher                = {Springer}
}

@Article{Nedic2009,
  Title                    = {Distributed subgradient methods for multi-agent optimization},
  Author                   = {Nedic, Angelia and Ozdaglar, Asuman},
  Journal                  = {Automatic Control, IEEE Transactions on},
  Year                     = {2009},
  Number                   = {1},
  Pages                    = {48--61},
  Volume                   = {54},

  Publisher                = {IEEE}
}

@InCollection{Nouyan2002,
  Title                    = {Agent-based approach to dynamic task allocation},
  Author                   = {Nouyan, Shervin},
  Booktitle                = {Ant Algorithms},
  Publisher                = {Springer},
  Year                     = {2002},
  Pages                    = {28--39}
}

@Article{Pacala1996,
  Title                    = {Effects of social group size on information transfer and task allocation},
  Author                   = {Pacala, Stephen W and Gordon, Deborah M and Godfray, HCJ},
  Journal                  = {Evolutionary Ecology},
  Year                     = {1996},
  Number                   = {2},
  Pages                    = {127--165},
  Volume                   = {10},

  Publisher                = {Springer}
}

@InProceedings{PageJr1990,
  Title                    = {Self organization and adaptation in insect societies},
  Author                   = {Page Jr, Robert E and Mitchell, Sandra D},
  Booktitle                = {PSA: Proceedings of the biennial meeting of the philosophy of science association},
  Year                     = {1990},
  Organization             = {JSTOR},
  Pages                    = {289--298}
}

@Article{prorok10,
  Title                    = {Multi-Level Spatial Models for Swarm-Robotic Systems},
  Author                   = {Prorok, Amanda and Correll, Nikolaus and Martinoli, Alcherio},
  Journal                  = {The International Journal of Robotics Research. Special Issue on Stochasticity in Robotics and Biological Systems.},
  Year                     = {2011},
  Number                   = {5},
  Pages                    = {574--589},
  Volume                   = {30},

  Date                     = {2011-01-01},
  Keywords                 = {inspection, modeling of swarming systems, spatial, swarm robotics}
}

@Article{Robinson2009,
  Title                    = {Flexible task allocation and the organization of work in ants},
  Author                   = {Robinson, Elva JH and Feinerman, Ofer and Franks, Nigel R},
  Journal                  = {Proceedings of the Royal Society B: Biological Sciences},
  Year                     = {2009},
  Pages                    = {rspb20091244},

  Publisher                = {The Royal Society}
}

@Article{Robinson1992,
  Title                    = {Regulation of division of labor in insect societies},
  Author                   = {Robinson, Gene E},
  Journal                  = {Annual review of entomology},
  Year                     = {1992},
  Number                   = {1},
  Pages                    = {637--665},
  Volume                   = {37},

  Publisher                = {Annual Reviews 4139 El Camino Way, PO Box 10139, Palo Alto, CA 94303-0139, USA}
}

@Article{Robinson1987,
  Title                    = {Modulation of alarm pheromone perception in the honey bee: evidence for division of labor based on hormonall regulated response thresholds},
  Author                   = {Robinson, Gene E},
  Journal                  = {Journal of Comparative Physiology A},
  Year                     = {1987},
  Number                   = {5},
  Pages                    = {613--619},
  Volume                   = {160},

  Publisher                = {Springer}
}

@InProceedings{Rudolph1991,
  Title                    = {A simple load balancing scheme for task allocation in parallel machines},
  Author                   = {Rudolph, Larry and Slivkin-Allalouf, Miriam and Upfal, Eli},
  Booktitle                = {Proceedings of the third annual ACM symposium on Parallel algorithms and architectures},
  Year                     = {1991},
  Organization             = {ACM},
  Pages                    = {237--245}
}

@InProceedings{Schumacher2002,
  Title                    = {Task allocation for wide area search munitions},
  Author                   = {Schumacher, Corey and Chandler, Phillip R and Rasmussen, Steven R},
  Booktitle                = {American Control Conference, 2002. Proceedings of the 2002},
  Year                     = {2002},
  Organization             = {IEEE},
  Pages                    = {1917--1922},
  Volume                   = {3}
}

@InProceedings{Sugawara2012,
  Title                    = {Object Transportation by Granular Convection Using Swarm Robots},
  Author                   = {Sugawara, Ken and Correll, Nikolaus and Reishus, Dustin},
  Booktitle                = {Distributed and Autonomous Robotic Systems (DARS)},
  Year                     = {2012}
}

@Article{Theraulaz1998,
  Title                    = {Response threshold reinforcements and division of labour in insect societies},
  Author                   = {Theraulaz, Guy and Bonabeau, Eric and Denuebourg, JN},
  Journal                  = {Proceedings of the Royal Society of London. Series B: Biological Sciences},
  Year                     = {1998},
  Number                   = {1393},
  Pages                    = {327--332},
  Volume                   = {265},

  Publisher                = {The Royal Society}
}

@InProceedings{Touri2014,
  Title                    = {Global games with noisy sharing of information},
  Author                   = {Touri, Behrouz and Shamma, Jeff},
  Booktitle                = {Decision and Control (CDC), 2014 IEEE 53rd Annual Conference on},
  Year                     = {2014},
  Month                    = {Dec},
  Pages                    = {4473-4478}
}

@Article{Vig2007,
  Title                    = {Coalition formation: From software agents to robots},
  Author                   = {Vig, Lovekesh and Adams, Julie A},
  Journal                  = {Journal of Intelligent and Robotic Systems},
  Year                     = {2007},
  Number                   = {1},
  Pages                    = {85--118},
  Volume                   = {50},

  Publisher                = {Springer}
}

